@article{Bhatia2020ExGANAG,
  title={ExGAN: Adversarial Generation of Extreme Samples},
  author={Siddharth Bhatia and Arjit Jain and Bryan Hooi},
  journal={ArXiv},
  year={2020},
  volume={abs/2009.08454}
}
@inproceedings{Goodfellow2014GenerativeAN,
  title={Generative Adversarial Nets},
  author={Ian J. Goodfellow and Jean Pouget-Abadie and M. Mirza and Bing Xu and David Warde-Farley and Sherjil Ozair and Aaron C. Courville and Yoshua Bengio},
  booktitle={NIPS},
  year={2014}
}
@article{Madaan2019AdversarialNP,
  title={Adversarial Neural Pruning with Latent Vulnerability Suppression},
  author={Divyam Madaan and Jinwoo Shin and Sung Ju Hwang},
  journal={arXiv: Learning},
  year={2019}
}
@inproceedings{Wang2018KDGANKD,
  title={KDGAN: Knowledge Distillation with Generative Adversarial Networks},
  author={X. Wang and Rui Zhang and Y. Sun and Jianzhong Qi},
  booktitle={NeurIPS},
  year={2018}
}
@inproceedings{Wang2018DistillingKW,
  title={Distilling Knowledge with Adversarial Networks},
  author={Xiaojie Wang and R. Zhang and Yu Sun and Jianzhong Qi},
  booktitle={NIPS 2018},
  year={2018}
}
@article{Dhillon2018StochasticAP,
  title={Stochastic Activation Pruning for Robust Adversarial Defense},
  author={Guneet S. Dhillon and Kamyar Azizzadenesheli and Zachary Chase Lipton and J. Bernstein and Jean Kossaifi and A. Khanna and Anima Anandkumar},
  journal={ArXiv},
  year={2018},
  volume={abs/1803.01442}
}
@inproceedings{Guo2018SparseDW,
  title={Sparse DNNs with Improved Adversarial Robustness},
  author={Yiwen Guo and Chao Zhang and C. Zhang and Y. Chen},
  booktitle={NeurIPS},
  year={2018}
}
@article{Sehwag2020OnPA,
  title={On Pruning Adversarially Robust Neural Networks},
  author={V. Sehwag and Shiqi Wang and P. Mittal and Suman Jana},
  journal={ArXiv},
  year={2020},
  volume={abs/2002.10509}
}
@article{Hubara2017QuantizedNN,
  title={Quantized Neural Networks: Training Neural Networks with Low Precision Weights and Activations},
  author={Itay Hubara and Matthieu Courbariaux and Daniel Soudry and Ran El-Yaniv and Yoshua Bengio},
  journal={J. Mach. Learn. Res.},
  year={2017},
  volume={18},
  pages={187:1-187:30}
}

@article{Hinton2015DistillingTK,
  title={Distilling the Knowledge in a Neural Network},
  author={Geoffrey E. Hinton and Oriol Vinyals and J. Dean},
  journal={ArXiv},
  year={2015},
  volume={abs/1503.02531}
}
@article{CIFAR-10,
title= {CIFAR-10 (Canadian Institute for Advanced Research)},
journal= {},
author= {Alex Krizhevsky and Vinod Nair and Geoffrey Hinton},
year= {},
url= {http://www.cs.toronto.edu/~kriz/cifar.html},
abstract= {The CIFAR-10 dataset consists of 60000 32x32 colour images in 10 classes, with 6000 images per class. There are 50000 training images and 10000 test images. 

The dataset is divided into five training batches and one test batch, each with 10000 images. The test batch contains exactly 1000 randomly-selected images from each class. The training batches contain the remaining images in random order, but some training batches may contain more images from one class than another. Between them, the training batches contain exactly 5000 images from each class. },
keywords= {Dataset},
terms= {}
}
@article{Russakovsky2015ImageNetLS,
  title={ImageNet Large Scale Visual Recognition Challenge},
  author={Olga Russakovsky and J. Deng and H. Su and J. Krause and S. Satheesh and S. Ma and Zhiheng Huang and A. Karpathy and A. Khosla and M. Bernstein and A. Berg and Li Fei-Fei},
  journal={International Journal of Computer Vision},
  year={2015},
  volume={115},
  pages={211-252}
}
@article{Simonyan2015VeryDC,
  title={Very Deep Convolutional Networks for Large-Scale Image Recognition},
  author={K. Simonyan and Andrew Zisserman},
  journal={CoRR},
  year={2015},
  volume={abs/1409.1556}
}
@article{He2016DeepRL,
  title={Deep Residual Learning for Image Recognition},
  author={Kaiming He and X. Zhang and Shaoqing Ren and Jian Sun},
  journal={2016 IEEE Conference on Computer Vision and Pattern Recognition (CVPR)},
  year={2016},
  pages={770-778}
}
@article{lecun-mnisthandwrittendigit-2010,
  added-at = {2010-06-28T21:16:30.000+0200},
  author = {LeCun, Yann and Cortes, Corinna},
  biburl = {https://www.bibsonomy.org/bibtex/2935bad99fa1f65e03c25b315aa3c1032/mhwombat},
  groups = {public},
  howpublished = {http://yann.lecun.com/exdb/mnist/},
  interhash = {21b9d0558bd66279df9452562df6e6f3},
  intrahash = {935bad99fa1f65e03c25b315aa3c1032},
  keywords = {MSc _checked character_recognition mnist network neural},
  lastchecked = {2016-01-14 14:24:11},
  timestamp = {2016-07-12T19:25:30.000+0200},
  title = {{MNIST} handwritten digit database},
  url = {http://yann.lecun.com/exdb/mnist/},
  username = {mhwombat},
  year = 2010
}
@article{Xie2020BlindAP,
  title={Blind Adversarial Pruning: Balance Accuracy, Efficiency and Robustness},
  author={Haidong Xie and Lixin Qian and Xueshuang Xiang and N. Liu},
  journal={ArXiv},
  year={2020},
  volume={abs/2004.05913}
}

@article{Blalock2020WhatIT,
  title={What is the State of Neural Network Pruning?},
  author={Davis W. Blalock and J. G. Ortiz and Jonathan Frankle and John Guttag},
  journal={ArXiv},
  year={2020},
  volume={abs/2003.03033}
}
@article{Liu2019RethinkingTV,
  title={Rethinking the Value of Network Pruning},
  author={Zhuang Liu and M. Sun and Tinghui Zhou and Gao Huang and Trevor Darrell},
  journal={ArXiv},
  year={2019},
  volume={abs/1810.05270}
}
@article{Frankle2019TheLT,
  title={The Lottery Ticket Hypothesis: Finding Sparse, Trainable Neural Networks},
  author={Jonathan Frankle and Michael Carbin},
  journal={arXiv: Learning},
  year={2019}
}
@inproceedings{Haidar2019TextKDGANTG,
  title={TextKD-GAN: Text Generation Using Knowledge Distillation and Generative Adversarial Networks},
  author={Md. Akmal Haidar and M. Rezagholizadeh},
  booktitle={Canadian Conference on AI},
  year={2019}
}
@inproceedings{Wang2018DistillingKW,
  title={Distilling Knowledge with Adversarial Networks},
  author={Xiaojie Wang and R. Zhang and Yu Sun and Jianzhong Qi},
  booktitle={NIPS 2018},
  year={2018}
}
@inproceedings{Zhang2020PKDGANPK,
  title={P-KDGAN: Progressive Knowledge Distillation with GANs for One-class Novelty Detection},
  author={Zhiwei Zhang and S. Chen and Lei Sun},
  booktitle={IJCAI},
  year={2020}
}